%
%  Vzor bibliografické databáze ve formátu BibTeX pro automatickou tvorbu
%  seznamu referencí pomocí biblatexu.
%
%  Vyhledávače článků a různé programy na správu bibliografie často umí
%  vypisovat záznamy v bibTeXovém formátu. Může se hodit:
%
%    - Google Scholar (https://scholar.google.com/)
%    - JabRef (https://www.jabref.org/)
%    - zoterobib (https://zbib.org/)
%
%  POZOR:
%
%    *  Písmena v názvech publikací, jež je třeba tisknout vždy velká, se musejí psát
%       do složených závorek ({T}hailand, {HIV})
%
%  ===========================================================================

@ONLINE{LWM-Kshark,
  author = {Steven Rostedt},
  title = {Using KernelShark to analyze the real-time scheduler},
  url = {https://lwn.net/Articles/425583/},
  urldate = {2025-06-03}
}

@ONLINE{SR-LinkedIn,
  author = {Steven Rostedt},
  title = {LinkedIn profil Stevena Rostedta},
  url = {https://www.linkedin.com/in/steven-rostedt-0159437a/},
  urldate = {2025-06-03}
}

@ONLINE{YK-LinkedIn,
  author = {Yordan Karadzhov},
  title = {LinkedIn profil Yordana Karadzhova},
  url = {https://www.linkedin.com/in/yordan-karadzhov-10575513b/},
  urldate = {2025-06-03}
}

@ONLINE{Hwloc-Docs,
  author = {Open~MPI},
  title = {Hwloc dokumentace},
  url = {https://www.open-mpi.org/projects/hwloc/doc/v2.11.2/a00343.php},
  urldate = {2025-04-08}
}

@ONLINE{Parked-Thread,
  author = {Andrey Pro and user10489},
  title = {What is a parked thread in Linux kernel?},
  url = {https://unix.stackexchange.com/questions/793936/what-is-a-parked-thread-in-linux-kernel},
  urldate = {2025-06-21}
}

@ONLINE{Process-State-Codes,
  author = {Branko Lankester and Michael K. Johnson and Michael Shields and Charles Blake and David Mossberger-Tang and Albert Cahalan},
  title = {Process State Codes},
  url = {https://www.man7.org/linux/man-pages/man1/ps.1.html#PROCESS_STATE_CODES},
  urldate = {2025-06-21}
}

@ONLINE{Hperf-Pages,
  author = {Laurent Poirrier},
  title = {HPerf},
  url = {https://www.poirrier.ca/hperf/},
  urldate = {2025-06-21}
}

@ONLINE{FlameGraphs-GitHub,
  author = {Brendan Gregg},
  title = {Flame Graphs GitHub},
  url = {https://github.com/brendangregg/FlameGraph},
  urldate = {2025-06-21}
}

@ONLINE{FlameGraphs-Pages,
  author = {Brendan Gregg},
  title = {Flame Graphs},
  url = {https://www.brendangregg.com/flamegraphs.html},
  urldate = {2025-06-21}
}

@ONLINE{TraceShark,
  author = {Viktor Rosendahl},
  title = {TraceShark GitHub},
  url = {https://github.com/cunctator/traceshark},
  urldate = {2025-06-21}
}

@ONLINE{SunburstGraphs,
  author = {Eiichi Tsukata},
  title = {Sunburst Graph GitHub},
  url = {https://github.com/Etsukata/d3js_trace?tab=readme-ov-file#readme},
  urldate = {2025-06-21}
}

@ONLINE{LTTng-Pages,
  author = {The~LTTng~Project},
  title = {Linux Tracing Toolkit next generation (LTTng)},
  url = {https://lttng.org},
  urldate = {2025-06-21}
}

@ONLINE{Perf-BG,
  author = {Brendan Gregg},
  title = {Perf Examples},
  url = {https://www.brendangregg.com/perf.html},
  urldate = {2025-06-21}
}

@ONLINE{Perf-Wiki,
  author = {Linux~Foundation},
  title = {Perf Wiki},
  url = {https://perfwiki.github.io/main/},
  urldate = {2025-06-21}
}

@ONLINE{Trace-cmd-LWM,
  author = {Steven Rostedt},
  title = {Trace-cmd: A front-end for Ftrace},
  url = {https://lwn.net/Articles/410200/},
  urldate = {2025-06-21}
}

@ONLINE{Trace-cmd-Man,
  author = {Steven Rostedt},
  title = {Trace-cmd Manpage},
  url = {https://www.man7.org/linux/man-pages/man1/trace-cmd.1.html},
  urldate = {2025-06-21}
}

@ONLINE{KernelShark-Pages,
  author = {KernelShark~Developers},
  title = {KernelShark},
  url = {https://kernelshark.org/},
  urldate = {2025-06-21}
}

@ONLINE{Linux-Tracing,
  author = {Linux~Kernel~Documentation},
  title = {Linux Tracing},
  url = {https://docs.kernel.org/trace/index.html},
  urldate = {2025-06-21}
}

@ONLINE{BrendanGregg-Pages,
  author = {Brendan Gregg},
  title = {Brendan Gregg: Overview},
  url = {https://www.brendangregg.com/overview.html},
  urldate = {2025-06-21}
}